<?xml version="1.0" encoding="UTF-8"?><record xmlns="http://www.loc.gov/MARC21/slim" xmlns:cinclude="http://apache.org/cocoon/include/1.0" xmlns:zs="http://www.loc.gov/zing/srw/">
  <leader>00561cz  a2200157n  4500</leader>
  <controlfield tag="001">n  93124151 </controlfield>
  <controlfield tag="003">DLC</controlfield>
  <controlfield tag="005">20090731075016.0</controlfield>
  <controlfield tag="008">931227n| acannaabn          |n aaa      </controlfield>
  <datafield tag="010" ind1=" " ind2=" ">
    <subfield code="a">n  93124151 </subfield>
  </datafield>
  <datafield tag="035" ind1=" " ind2=" ">
    <subfield code="a">(OCoLC)oca03520726</subfield>
  </datafield>
  <datafield tag="040" ind1=" " ind2=" ">
    <subfield code="a">DLC</subfield>
    <subfield code="b">eng</subfield>
    <subfield code="c">DLC</subfield>
    <subfield code="d">DLC</subfield>
    <subfield code="d">TCooP</subfield>
  </datafield>
  <datafield tag="100" ind1="1" ind2=" ">
    <subfield code="a">Kashi, Ed</subfield>
  </datafield>
  <datafield tag="670" ind1=" " ind2=" ">
    <subfield code="a">No friends but the mountains, 1994:</subfield>
    <subfield code="b">CIP t.p. (Ed Kashi)</subfield>
  </datafield>
  <datafield tag="670" ind1=" " ind2=" ">
    <subfield code="a">Aging in America, c2003:</subfield>
    <subfield code="b">CIP t.p. (Ed Kashi) DVD container (photographs by Ed Kashi) data sheet (b. November 16, 1957)</subfield>
  </datafield>
  <datafield tag="670" ind1=" " ind2=" ">
    <subfield code="a">IMDb, July 29, 2009</subfield>
    <subfield code="b">(Ed Kashi; cinematographer, self)</subfield>
  </datafield>
</record>